<?xml version="1.0" encoding="UTF-8"?>
<SOAP-ENV:Envelope xmlns:SOAP-ENV="http://schemas.xmlsoap.org/soap/envelope/" xmlns:ns1="http://oss.dbc.dk/ns/openformat" xmlns:os="http://oss.dbc.dk/ns/ope
nsearch" xmlns:dc="http://purl.org/dc/elements/1.1/" xmlns:dkabm="http://biblstandard.dk/abm/namespace/dkabm/" xmlns:ISO639-2="http://lcweb.loc.gov/standard
s/iso639-2/" xmlns:dcmitype="http://purl.org/dc/dcmitype/" xmlns:dcterms="http://purl.org/dc/terms/" xmlns:ac="http://biblstandard.dk/ac/namespace/" xmlns:d
kdcplus="http://biblstandard.dk/abm/namespace/dkdcplus/" xmlns:oss="http://oss.dbc.dk/ns/osstypes" xmlns:marcx="info:lc/xmlns/marcxchange-v1" xmlns:xsi="htt
p://www.w3.org/2001/XMLSchema-instance" xmlns:foxml="info:fedora/fedora-system:def/foxml#" xsi:schemaLocation="info:fedora/fedora-system:def/foxml# http://w
ww.fedora.info/definitions/1/0/foxml1-1.xsd">
  <SOAP-ENV:Body>
    <ns1:formatRequest>
      <ns1:originalData>
<oclcRecords><oclcRecord><foxml:digitalObject VERSION="1.1" PID="870970-basis:27593291"
xmlns:foxml="info:fedora/fedora-system:def/foxml#"
xmlns:xsi="http://www.w3.org/2001/XMLSchema-instance"
xsi:schemaLocation="info:fedora/fedora-system:def/foxml# http://www.fedora.info/definitions/1/0/foxml1-1.xsd">
<foxml:objectProperties>
<foxml:property NAME="info:fedora/fedora-system:def/model#state" VALUE="Active"/>
<foxml:property NAME="info:fedora/fedora-system:def/model#label" VALUE=""/>
<foxml:property NAME="info:fedora/fedora-system:def/model#ownerId" VALUE=""/>
<foxml:property NAME="info:fedora/fedora-system:def/model#createdDate" VALUE="2013-05-16T11:56:24.575Z"/>
<foxml:property NAME="info:fedora/fedora-system:def/view#lastModifiedDate" VALUE="2013-05-16T12:09:12.350Z"/>
</foxml:objectProperties>
<foxml:datastream ID="AUDIT" STATE="A" CONTROL_GROUP="X" VERSIONABLE="false">
<foxml:datastreamVersion ID="AUDIT.0" LABEL="Audit Trail for this object" CREATED="2013-05-16T11:56:24.575Z" MIMETYPE="text/xml" FORMAT_URI="info:fedora/fedora-system:format/xml.fedora.audit">
<foxml:xmlContent>
<audit:auditTrail xmlns:audit="info:fedora/fedora-system:def/audit#">
<audit:record ID="AUDREC1">
<audit:process type="Fedora API-M"/>
<audit:action>modifyDatastreamByValue</audit:action>
<audit:componentID>RELS-SYS</audit:componentID>
<audit:responsibility>fedoraAdmin</audit:responsibility>
<audit:date>2013-05-16T11:56:24.648Z</audit:date>
<audit:justification></audit:justification>
</audit:record>
<audit:record ID="AUDREC2">
<audit:process type="Fedora API-M"/>
<audit:action>modifyDatastreamByValue</audit:action>
<audit:componentID>DC</audit:componentID>
<audit:responsibility>fedoraAdmin</audit:responsibility>
<audit:date>2013-05-16T12:09:12.350Z</audit:date>
<audit:justification></audit:justification>
</audit:record>
</audit:auditTrail>
</foxml:xmlContent>
</foxml:datastreamVersion>
</foxml:datastream>
<foxml:datastream ID="commonData" STATE="A" CONTROL_GROUP="X" VERSIONABLE="false">
<foxml:datastreamVersion ID="commonData.0" LABEL="" CREATED="2013-05-16T11:56:24.585Z" MIMETYPE="text/xml" SIZE="26856">
<foxml:xmlContent>
<ting:container xmlns:ac="http://biblstandard.dk/ac/namespace/" xmlns:dc="http://purl.org/dc/elements/1.1/" xmlns:dcterms="http://purl.org/dc/terms/" xmlns:dkabm="http://biblstandard.dk/abm/namespace/dkabm/" xmlns:dkdcplus="http://biblstandard.dk/abm/namespace/dkdcplus/" xmlns:docbook="http://docbook.org/ns/docbook" xmlns:oss="http://oss.dbc.dk/ns/osstypes" xmlns:ting="http://www.dbc.dk/ting" xmlns:xsi="http://www.w3.org/2001/XMLSchema-instance"><dkabm:record><ac:identifier>27593291|870970</ac:identifier><ac:source>Bibliotekskatalog</ac:source><dc:title>The art of conducting - legendary conductors of a golden era</dc:title><dc:title xsi:type="dkdcplus:full">The art of conducting - legendary conductors of a golden era</dc:title><dc:subject xsi:type="dkdcplus:DK5">78.411</dc:subject><dc:subject xsi:type="dkdcplus:DK5-Text">Orkestermusik uden soloinstrumenter</dc:subject><dc:subject xsi:type="dkdcplus:DBCO">direktion</dc:subject><dc:subject xsi:type="dkdcplus:DBCO">historiske optagelser</dc:subject><dc:subject xsi:type="dkdcplus:DBCM">impressionisme</dc:subject><dc:subject xsi:type="dkdcplus:DBCM">instrumental</dc:subject><dc:subject xsi:type="dkdcplus:genre">klassiske symfonier</dc:subject><dc:subject xsi:type="dkdcplus:DBCM">orkester</dc:subject><dc:subject xsi:type="dkdcplus:DBCO">orkesterdirektion</dc:subject><dc:subject xsi:type="dkdcplus:DBCO">orkesterprøver</dc:subject><dc:subject xsi:type="dkdcplus:DBCM">ouverture</dc:subject><dc:subject xsi:type="dkdcplus:DBCM">romantik</dc:subject><dc:subject xsi:type="dkdcplus:DBCM">senromantik</dc:subject><dc:subject xsi:type="dkdcplus:DBCM">symfoni</dc:subject><dc:subject xsi:type="dkdcplus:DBCM">symfonisk digt</dc:subject><dc:description>Indspillet 1931-1991</dc:description><dc:description>På omslaget: Sergiu Celibidache, Wilhelm Furtwängler, Erich Kleiber, Evgeny Mravinsky, Charles Munch, Willem Mengelberg, André Cluytens, Herbert von Karajan, Hermann Scherchen, Václav Talich</dc:description><dc:description>Med kommentarer af Peter Andry, Alexander Barantschik, Daniel Barenboim, Walter Barylli, Otto Edelmann, Vic Furth, Yuri Grigorovich, Bernard Haitink, Yehudi Menuhin og Evgeny Mravinsky</dc:description><dcterms:audience>voksenmaterialer</dcterms:audience><dc:publisher>Teldec Classics International</dc:publisher><dc:publisher>Warner Music Vision</dc:publisher><dc:contributor>Sergiu Celibidache</dc:contributor><dc:contributor>André Cluytens</dc:contributor><dc:contributor>Wilhelm Furtwängler</dc:contributor><dc:contributor>Herbert von Karajan</dc:contributor><dc:contributor>Erich Kleiber</dc:contributor><dc:contributor>Willem Mengelberg</dc:contributor><dc:contributor>Jevgénij Mravínskij</dc:contributor><dc:contributor>Charles Munch</dc:contributor><dc:contributor>Hermann Scherchen</dc:contributor><dc:contributor>Václav Talich</dc:contributor><dc:contributor>Richard Strauss</dc:contributor><dc:contributor>Antonín Dvořák</dc:contributor><dc:contributor>Vasilij Kalinnikov</dc:contributor><dc:contributor>Maurice Ravel</dc:contributor><dc:contributor>Petr Tjajkovskij</dc:contributor><dc:contributor>Johann Strauss (f. 1825)</dc:contributor><dc:contributor>Hector Berlioz</dc:contributor><dc:contributor>Georges Bizet</dc:contributor><dc:contributor>Carl Maria von Weber</dc:contributor><dc:contributor>Ludwig van Beethoven</dc:contributor><dc:contributor>César Franck</dc:contributor><dc:contributor>Claude Debussy</dc:contributor><dc:contributor>Dmitrij Sjostakovitj</dc:contributor><dc:contributor>Berlins Filharmoniske Orkester</dc:contributor><dc:contributor>Bostons Symfoniorkester</dc:contributor><dc:contributor>Concertgebouw-Orkestret, Amsterdam</dc:contributor><dc:contributor>Leningrads Filharmoniske Orkester</dc:contributor><dc:contributor>Münchens Filharmoniske Orkester</dc:contributor><dc:contributor>Statskapellet Berlin</dc:contributor><dc:contributor>Stuttgarts Radiosymfoniorkester</dc:contributor><dc:contributor>Tjekkisk Filharmonisk Orkester</dc:contributor><dc:contributor>Det Ungarske Statsorkester</dc:contributor><dc:date>2002</dc:date><dc:type xsi:type="dkdcplus:BibDK-Type">Dvd</dc:type><dc:format>1 dvd-video, 1 kommentarhæfte</dc:format><dcterms:extent>1 t., 55 min.</dcterms:extent><dc:identifier>Warner Music Vision 0927-42668-2</dc:identifier><dc:language xsi:type="dcterms:ISO639-2">mul</dc:language><dc:language>Flere sprog</dc:language><dc:language xsi:type="dcterms:ISO639-2">eng</dc:language><dc:language>Engelsk</dc:language><dc:language xsi:type="dcterms:ISO639-2">ger</dc:language><dc:language>Tysk</dc:language><dc:language xsi:type="dcterms:ISO639-2">dut</dc:language><dc:language>Hollandsk</dc:language><dc:language xsi:type="dkdcplus:subtitles">eng</dc:language><dc:language xsi:type="dkdcplus:subtitles">fre</dc:language><dc:language xsi:type="dkdcplus:subtitles">ger</dc:language><dcterms:hasPart xsi:type="dkdcplus:track">Ein Heldenleben, opus 40 (uddrag)</dcterms:hasPart><dcterms:hasPart xsi:type="dkdcplus:track">Till Eulenspiegels lustige Streiche, opus 28</dcterms:hasPart><dcterms:hasPart xsi:type="dkdcplus:track">Till Eulenspiegels lustige Streiche, opus 28</dcterms:hasPart><dcterms:hasPart xsi:type="dkdcplus:track">Die Waldtaube, opus 110 (uddrag)</dcterms:hasPart><dcterms:hasPart xsi:type="dkdcplus:track">Symfoni nr. 9, e-mol, opus 95 (1. sats)</dcterms:hasPart><dcterms:hasPart xsi:type="dkdcplus:track">Symfoni nr. 1, g-mol (2. sats)</dcterms:hasPart><dcterms:hasPart xsi:type="dkdcplus:track">Rapsodie espagnole</dcterms:hasPart><dcterms:hasPart xsi:type="dkdcplus:track">Daphnis og Chloé (Suite nr. 2)</dcterms:hasPart><dcterms:hasPart xsi:type="dkdcplus:track">Daphnis og Chloé (Suite nr. 2)</dcterms:hasPart><dcterms:hasPart xsi:type="dkdcplus:track">Symfoni nr. 4, f-mol, opus 36 (4. sats)</dcterms:hasPart><dcterms:hasPart xsi:type="dkdcplus:track">Symfoni nr. 5, e-mol, opus 64 (1. sats ; 4. sats)</dcterms:hasPart><dcterms:hasPart xsi:type="dkdcplus:track">Künstlerleben, opus 316</dcterms:hasPart><dcterms:hasPart xsi:type="dkdcplus:track">Kejservals, opus 437</dcterms:hasPart><dcterms:hasPart xsi:type="dkdcplus:track">An der schönen, blauen Donau, opus 314</dcterms:hasPart><dcterms:hasPart xsi:type="dkdcplus:track">Fausts fordømmelse, opus 24</dcterms:hasPart><dcterms:hasPart xsi:type="dkdcplus:track">Symphonie fantastique, opus 14 (4. sats</dcterms:hasPart><dcterms:hasPart xsi:type="dkdcplus:track">L&apos;Arlésienne-suite nr. 1 (Adagietto)</dcterms:hasPart><dcterms:hasPart xsi:type="dkdcplus:track">Oberon (Ouverture)</dcterms:hasPart><dcterms:hasPart xsi:type="dkdcplus:track">Symfoni nr. 9, d-mol, opus 125 (4. sats (Finale))</dcterms:hasPart><dcterms:hasPart xsi:type="dkdcplus:track">Egmont-ouverture, opus 84</dcterms:hasPart><dcterms:hasPart xsi:type="dkdcplus:track">Symfoni, d-mol (uddrag)</dcterms:hasPart><dcterms:hasPart xsi:type="dkdcplus:track">La mer</dcterms:hasPart><dcterms:hasPart xsi:type="dkdcplus:track">Symfoni nr. 5, d-mol, opus 47 (1. sats ; 4. sats)</dcterms:hasPart><dcterms:spatial xsi:type="dkdcplus:DBCM">Tyskland</dcterms:spatial><dcterms:spatial xsi:type="dkdcplus:DBCM">Rusland</dcterms:spatial><dcterms:spatial xsi:type="dkdcplus:DBCM">Frankrig</dcterms:spatial><dcterms:spatial xsi:type="dkdcplus:DBCM">Østrig</dcterms:spatial><dcterms:spatial xsi:type="dkdcplus:DBCM">Tjekkiet</dcterms:spatial><dcterms:temporal xsi:type="dkdcplus:DBCM">1800-1899</dcterms:temporal><dcterms:temporal xsi:type="dkdcplus:DBCM">1900-1909</dcterms:temporal><dcterms:temporal xsi:type="dkdcplus:DBCM">1910-1919</dcterms:temporal></dkabm:record><marcx:collection xmlns:marcx="info:lc/xmlns/marcxchange-v1"><marcx:record format="danMARC2" type="Bibliographic"><marcx:leader>00000n    2200000   4500</marcx:leader><marcx:datafield ind1="0" ind2="0" tag="001"><marcx:subfield code="a">27593291</marcx:subfield><marcx:subfield code="b">870970</marcx:subfield><marcx:subfield code="c">20110404162026</marcx:subfield><marcx:subfield code="d">20090126</marcx:subfield><marcx:subfield code="f">a</marcx:subfield></marcx:datafield><marcx:datafield ind1="0" ind2="0" tag="004"><marcx:subfield code="r">n</marcx:subfield><marcx:subfield code="a">e</marcx:subfield></marcx:datafield><marcx:datafield ind1="0" ind2="0" tag="008"><marcx:subfield code="t">s</marcx:subfield><marcx:subfield code="u">f</marcx:subfield><marcx:subfield code="a">2002</marcx:subfield><marcx:subfield code="b">de</marcx:subfield><marcx:subfield code="l">mul</marcx:subfield><marcx:subfield code="v">0</marcx:subfield></marcx:datafield><marcx:datafield ind1="0" ind2="0" tag="009"><marcx:subfield code="a">s</marcx:subfield><marcx:subfield code="b">m</marcx:subfield><marcx:subfield code="g">th</marcx:subfield><marcx:subfield code="b">a</marcx:subfield><marcx:subfield code="h">xx</marcx:subfield></marcx:datafield><marcx:datafield ind1="0" ind2="0" tag="021"><marcx:subfield code="d">Kr. 199,00</marcx:subfield><marcx:subfield code="b">brugsretskategori: D</marcx:subfield></marcx:datafield><marcx:datafield ind1="0" ind2="0" tag="023"><marcx:subfield code="a">0809274266828</marcx:subfield></marcx:datafield><marcx:datafield ind1="0" ind2="0" tag="032"><marcx:subfield code="x">BKM200908</marcx:subfield><marcx:subfield code="x">DAT201114</marcx:subfield></marcx:datafield><marcx:datafield ind1="0" ind2="0" tag="039"><marcx:subfield code="a">ora</marcx:subfield></marcx:datafield><marcx:datafield ind1="0" ind2="0" tag="041"><marcx:subfield code="a">eng</marcx:subfield><marcx:subfield code="a">ger</marcx:subfield><marcx:subfield code="a">dut</marcx:subfield><marcx:subfield code="u">eng</marcx:subfield><marcx:subfield code="u">fre</marcx:subfield><marcx:subfield code="u">ger</marcx:subfield></marcx:datafield><marcx:datafield ind1="0" ind2="0" tag="245"><marcx:subfield code="a">The ¤art of conducting - legendary conductors of a golden era</marcx:subfield></marcx:datafield><marcx:datafield ind1="0" ind2="0" tag="260"><marcx:subfield code="a">[S.l.]</marcx:subfield><marcx:subfield code="b">Teldec Classics International</marcx:subfield><marcx:subfield code="b">Warner Music Vision</marcx:subfield><marcx:subfield code="c">[2002], 1997</marcx:subfield></marcx:datafield><marcx:datafield ind1="0" ind2="0" tag="300"><marcx:subfield code="n">1 dvd-video</marcx:subfield><marcx:subfield code="l">1 t., 55 min.</marcx:subfield><marcx:subfield code="d">1 kommentarhæfte</marcx:subfield></marcx:datafield><marcx:datafield ind1="0" ind2="0" tag="512"><marcx:subfield code="a">Indspillet 1931-1991</marcx:subfield></marcx:datafield><marcx:datafield ind1="0" ind2="0" tag="512"><marcx:subfield code="a">På omslaget: Sergiu Celibidache, Wilhelm Furtwängler, Erich Kleiber, Evgeny Mravinsky, Charles Munch, Willem Mengelberg, André Cluytens, Herbert von Karajan, Hermann Scherchen, Václav Talich</marcx:subfield></marcx:datafield><marcx:datafield ind1="0" ind2="0" tag="512"><marcx:subfield code="a">Med kommentarer af Peter Andry, Alexander Barantschik, Daniel Barenboim, Walter Barylli, Otto Edelmann, Vic Furth, Yuri Grigorovich, Bernard Haitink, Yehudi Menuhin og Evgeny Mravinsky</marcx:subfield></marcx:datafield><marcx:datafield ind1="0" ind2="0" tag="531"><marcx:subfield code="a">Indhold:</marcx:subfield></marcx:datafield><marcx:datafield ind1="0" ind2="0" tag="538"><marcx:subfield code="f">Warner Music Vision</marcx:subfield><marcx:subfield code="g">0927-42668-2</marcx:subfield></marcx:datafield><marcx:datafield ind1="0" ind2="0" tag="652"><marcx:subfield code="m">78.411</marcx:subfield></marcx:datafield><marcx:datafield ind1="0" ind2="0" tag="652"><marcx:subfield code="p">78.914</marcx:subfield></marcx:datafield><marcx:datafield ind1="0" ind2="0" tag="666"><marcx:subfield code="0"></marcx:subfield><marcx:subfield code="m">romantik</marcx:subfield><marcx:subfield code="m">senromantik</marcx:subfield><marcx:subfield code="m">impressionisme</marcx:subfield><marcx:subfield code="m">symfoni</marcx:subfield><marcx:subfield code="m">ouverture</marcx:subfield><marcx:subfield code="m">symfonisk digt</marcx:subfield><marcx:subfield code="n">instrumental</marcx:subfield><marcx:subfield code="n">orkester</marcx:subfield><marcx:subfield code="p">1800-1899</marcx:subfield><marcx:subfield code="p">1900-1909</marcx:subfield><marcx:subfield code="p">1910-1919</marcx:subfield><marcx:subfield code="l">Tyskland</marcx:subfield><marcx:subfield code="l">Rusland</marcx:subfield><marcx:subfield code="l">Frankrig</marcx:subfield><marcx:subfield code="l">Østrig</marcx:subfield><marcx:subfield code="l">Tjekkiet</marcx:subfield></marcx:datafield><marcx:datafield ind1="0" ind2="0" tag="666"><marcx:subfield code="0"></marcx:subfield><marcx:subfield code="o">historiske optagelser</marcx:subfield></marcx:datafield><marcx:datafield ind1="0" ind2="0" tag="666"><marcx:subfield code="0"></marcx:subfield><marcx:subfield code="o">orkesterprøver</marcx:subfield></marcx:datafield><marcx:datafield ind1="0" ind2="0" tag="666"><marcx:subfield code="0"></marcx:subfield><marcx:subfield code="o">direktion</marcx:subfield></marcx:datafield><marcx:datafield ind1="0" ind2="0" tag="666"><marcx:subfield code="0"></marcx:subfield><marcx:subfield code="o">orkesterdirektion</marcx:subfield></marcx:datafield><marcx:datafield ind1="0" ind2="0" tag="700"><marcx:subfield code="a">Celibidache</marcx:subfield><marcx:subfield code="h">Sergiu</marcx:subfield></marcx:datafield><marcx:datafield ind1="0" ind2="0" tag="700"><marcx:subfield code="a">Cluytens</marcx:subfield><marcx:subfield code="h">André</marcx:subfield></marcx:datafield><marcx:datafield ind1="0" ind2="0" tag="700"><marcx:subfield code="a">Furtwängler</marcx:subfield><marcx:subfield code="h">Wilhelm</marcx:subfield></marcx:datafield><marcx:datafield ind1="0" ind2="0" tag="700"><marcx:subfield code="a">Karajan</marcx:subfield><marcx:subfield code="h">Herbert von</marcx:subfield></marcx:datafield><marcx:datafield ind1="0" ind2="0" tag="700"><marcx:subfield code="a">Kleiber</marcx:subfield><marcx:subfield code="h">Erich</marcx:subfield></marcx:datafield><marcx:datafield ind1="0" ind2="0" tag="700"><marcx:subfield code="a">Mengelberg</marcx:subfield><marcx:subfield code="h">Willem</marcx:subfield></marcx:datafield><marcx:datafield ind1="0" ind2="0" tag="700"><marcx:subfield code="a">Mravínskij</marcx:subfield><marcx:subfield code="h">Jevgénij</marcx:subfield></marcx:datafield><marcx:datafield ind1="0" ind2="0" tag="700"><marcx:subfield code="a">Munch</marcx:subfield><marcx:subfield code="h">Charles</marcx:subfield></marcx:datafield><marcx:datafield ind1="0" ind2="0" tag="700"><marcx:subfield code="a">Scherchen</marcx:subfield><marcx:subfield code="h">Hermann</marcx:subfield></marcx:datafield><marcx:datafield ind1="0" ind2="0" tag="700"><marcx:subfield code="a">Talich</marcx:subfield><marcx:subfield code="h">Václav</marcx:subfield></marcx:datafield><marcx:datafield ind1="0" ind2="0" tag="710"><marcx:subfield code="a">Berlins Filharmoniske Orkester</marcx:subfield></marcx:datafield><marcx:datafield ind1="0" ind2="0" tag="710"><marcx:subfield code="a">Bostons Symfoniorkester</marcx:subfield></marcx:datafield><marcx:datafield ind1="0" ind2="0" tag="710"><marcx:subfield code="a">Concertgebouw-Orkestret, Amsterdam</marcx:subfield></marcx:datafield><marcx:datafield ind1="0" ind2="0" tag="710"><marcx:subfield code="a">Leningrads Filharmoniske Orkester</marcx:subfield></marcx:datafield><marcx:datafield ind1="0" ind2="0" tag="710"><marcx:subfield code="a">Münchens Filharmoniske Orkester</marcx:subfield></marcx:datafield><marcx:datafield ind1="0" ind2="0" tag="710"><marcx:subfield code="å">1</marcx:subfield><marcx:subfield code="a">Statskapellet Berlin</marcx:subfield></marcx:datafield><marcx:datafield ind1="0" ind2="0" tag="710"><marcx:subfield code="å">2</marcx:subfield><marcx:subfield code="a">Stuttgarts Radiosymfoniorkester</marcx:subfield></marcx:datafield><marcx:datafield ind1="0" ind2="0" tag="710"><marcx:subfield code="a">Tjekkisk Filharmonisk Orkester</marcx:subfield></marcx:datafield><marcx:datafield ind1="0" ind2="0" tag="710"><marcx:subfield code="a">Det ¤Ungarske Statsorkester</marcx:subfield></marcx:datafield><marcx:datafield ind1="0" ind2="0" tag="770"><marcx:subfield code="å">11</marcx:subfield><marcx:subfield code="a">Strauss</marcx:subfield><marcx:subfield code="h">Richard</marcx:subfield></marcx:datafield><marcx:datafield ind1="0" ind2="0" tag="770"><marcx:subfield code="å">12</marcx:subfield><marcx:subfield code="a">Dvořák</marcx:subfield><marcx:subfield code="h">Antonín</marcx:subfield></marcx:datafield><marcx:datafield ind1="0" ind2="0" tag="770"><marcx:subfield code="å">13</marcx:subfield><marcx:subfield code="a">Kalinnikov</marcx:subfield><marcx:subfield code="h">Vasilij</marcx:subfield></marcx:datafield><marcx:datafield ind1="0" ind2="0" tag="770"><marcx:subfield code="å">14</marcx:subfield><marcx:subfield code="a">Ravel</marcx:subfield><marcx:subfield code="h">Maurice</marcx:subfield></marcx:datafield><marcx:datafield ind1="0" ind2="0" tag="770"><marcx:subfield code="å">15</marcx:subfield><marcx:subfield code="a">Tjajkovskij</marcx:subfield><marcx:subfield code="h">Petr</marcx:subfield></marcx:datafield><marcx:datafield ind1="0" ind2="0" tag="770"><marcx:subfield code="å">16</marcx:subfield><marcx:subfield code="a">Strauss</marcx:subfield><marcx:subfield code="h">Johann</marcx:subfield><marcx:subfield code="c">f. 1825</marcx:subfield></marcx:datafield><marcx:datafield ind1="0" ind2="0" tag="770"><marcx:subfield code="å">17</marcx:subfield><marcx:subfield code="a">Berlioz</marcx:subfield><marcx:subfield code="h">Hector</marcx:subfield></marcx:datafield><marcx:datafield ind1="0" ind2="0" tag="770"><marcx:subfield code="å">18</marcx:subfield><marcx:subfield code="a">Bizet</marcx:subfield><marcx:subfield code="h">Georges</marcx:subfield></marcx:datafield><marcx:datafield ind1="0" ind2="0" tag="770"><marcx:subfield code="å">19</marcx:subfield><marcx:subfield code="a">Weber</marcx:subfield><marcx:subfield code="h">Carl Maria von</marcx:subfield></marcx:datafield><marcx:datafield ind1="0" ind2="0" tag="770"><marcx:subfield code="å">20</marcx:subfield><marcx:subfield code="a">Beethoven</marcx:subfield><marcx:subfield code="h">Ludwig van</marcx:subfield></marcx:datafield><marcx:datafield ind1="0" ind2="0" tag="770"><marcx:subfield code="å">21</marcx:subfield><marcx:subfield code="a">Franck</marcx:subfield><marcx:subfield code="h">César</marcx:subfield></marcx:datafield><marcx:datafield ind1="0" ind2="0" tag="770"><marcx:subfield code="å">22</marcx:subfield><marcx:subfield code="a">Debussy</marcx:subfield><marcx:subfield code="h">Claude</marcx:subfield></marcx:datafield><marcx:datafield ind1="0" ind2="0" tag="770"><marcx:subfield code="å">23</marcx:subfield><marcx:subfield code="a">Sjostakovitj</marcx:subfield><marcx:subfield code="h">Dmitrij</marcx:subfield></marcx:datafield><marcx:datafield ind1="0" ind2="0" tag="795"><marcx:subfield code="å">11</marcx:subfield><marcx:subfield code="a">Ein ¤Heldenleben, opus 40 (uddrag)</marcx:subfield><marcx:subfield code="e">Berlin Philharmonic Orchestra</marcx:subfield><marcx:subfield code="e">dirigent: Herbert von Karajan</marcx:subfield><marcx:subfield code="a">Till Eulenspiegels lustige Streiche, opus 28</marcx:subfield><marcx:subfield code="e">Berlin Philharmonic Orchestra</marcx:subfield><marcx:subfield code="e">dirigent: Wilhelm Furtwängler</marcx:subfield><marcx:subfield code="a">Till Eulenspiegels lustige Streiche, opus 28</marcx:subfield><marcx:subfield code="e">Orchestra of Süddeutscher Rundfunk</marcx:subfield><marcx:subfield code="e">dirigent: Sergiu Celibidache</marcx:subfield></marcx:datafield><marcx:datafield ind1="0" ind2="0" tag="795"><marcx:subfield code="å">12</marcx:subfield><marcx:subfield code="a">Die ¤Waldtaube, opus 110 (uddrag)</marcx:subfield><marcx:subfield code="e">Czech Philharmonic Orchestra</marcx:subfield><marcx:subfield code="e">dirigent: Václav Talich</marcx:subfield><marcx:subfield code="a">Symfoni nr. 9, e-mol, opus 95 (1. sats)</marcx:subfield><marcx:subfield code="u">Fra den nye verden</marcx:subfield><marcx:subfield code="e">Munich Philharmonic Orchestra</marcx:subfield><marcx:subfield code="e">dirigent: Sergiu Celibidache</marcx:subfield></marcx:datafield><marcx:datafield ind1="0" ind2="0" tag="795"><marcx:subfield code="å">13</marcx:subfield><marcx:subfield code="a">Symfoni nr. 1, g-mol (2. sats)</marcx:subfield><marcx:subfield code="e">Czech Philharmonic Orchestra</marcx:subfield><marcx:subfield code="e">dirigent: Hermann Scherchen</marcx:subfield></marcx:datafield><marcx:datafield ind1="0" ind2="0" tag="795"><marcx:subfield code="å">14</marcx:subfield><marcx:subfield code="a">Rapsodie espagnole</marcx:subfield><marcx:subfield code="e">Czech Philharmonic Orchestra</marcx:subfield><marcx:subfield code="e">dirigent: André Cluytens</marcx:subfield><marcx:subfield code="a">Daphnis og Chloé (Suite nr. 2)</marcx:subfield><marcx:subfield code="e">Hungarina State Orchestra</marcx:subfield><marcx:subfield code="e">dirigent: Charles Munch</marcx:subfield><marcx:subfield code="a">Daphnis og Chloé (Suite nr. 2)</marcx:subfield><marcx:subfield code="e">Boston Symphony Orchestra</marcx:subfield><marcx:subfield code="e">dirigent: Charles Munch</marcx:subfield></marcx:datafield><marcx:datafield ind1="0" ind2="0" tag="795"><marcx:subfield code="å">15</marcx:subfield><marcx:subfield code="a">Symfoni nr. 4, f-mol, opus 36 (4. sats)</marcx:subfield><marcx:subfield code="e">Czech Philharmonic Orchestra</marcx:subfield><marcx:subfield code="e">dirigent: Evgeny Alexandrovich Mravinsky</marcx:subfield><marcx:subfield code="a">Symfoni nr. 5, e-mol, opus 64 (1. sats ; 4. sats)</marcx:subfield><marcx:subfield code="e">Leningrad Philharmonic Orchestra</marcx:subfield><marcx:subfield code="e">dirigent: Evgeny Alexandrovich Mravinsky</marcx:subfield></marcx:datafield><marcx:datafield ind1="0" ind2="0" tag="795"><marcx:subfield code="å">16</marcx:subfield><marcx:subfield code="a">Künstlerleben, opus 316</marcx:subfield><marcx:subfield code="e">Concertgebouw Orchestra</marcx:subfield><marcx:subfield code="e">dirigent: Erich Kleiber</marcx:subfield><marcx:subfield code="a">Kejservals, opus 437</marcx:subfield><marcx:subfield code="e">Berlin Philharmonic Orchestra</marcx:subfield><marcx:subfield code="e">dirigent: Wilhelm Furtwängler</marcx:subfield><marcx:subfield code="a">An der schönen, blauen Donau, opus 314</marcx:subfield><marcx:subfield code="e">Berlin Staatskapelle</marcx:subfield><marcx:subfield code="e">dirigent: Erich Kleiber</marcx:subfield></marcx:datafield><marcx:datafield ind1="0" ind2="0" tag="795"><marcx:subfield code="å">17</marcx:subfield><marcx:subfield code="a">Fausts fordømmelse, opus 24</marcx:subfield><marcx:subfield code="7"> (</marcx:subfield><marcx:subfield code="v">Ungarsk march</marcx:subfield><marcx:subfield code="7">) / </marcx:subfield><marcx:subfield code="e">Concertgebouw Orchestra</marcx:subfield><marcx:subfield code="e">dirigent: Willem Mengelberg</marcx:subfield><marcx:subfield code="a">Symphonie fantastique, opus 14 (4. sats</marcx:subfield><marcx:subfield code="u">Marche au supplice</marcx:subfield><marcx:subfield code="7"> ; 5. sats : </marcx:subfield><marcx:subfield code="u">Heksesabbat</marcx:subfield><marcx:subfield code="7">) / </marcx:subfield><marcx:subfield code="e">Boston Symphony Orchestra</marcx:subfield><marcx:subfield code="e">dirigent: Charles Munch</marcx:subfield></marcx:datafield><marcx:datafield ind1="0" ind2="0" tag="795"><marcx:subfield code="å">18</marcx:subfield><marcx:subfield code="a">L&apos;¤Arlésienne-suite nr. 1 (Adagietto)</marcx:subfield><marcx:subfield code="e">Concertgebouw Orchestra</marcx:subfield><marcx:subfield code="e">dirigent: Willem Mengelberg</marcx:subfield></marcx:datafield><marcx:datafield ind1="0" ind2="0" tag="795"><marcx:subfield code="å">19</marcx:subfield><marcx:subfield code="a">Oberon (Ouverture)</marcx:subfield><marcx:subfield code="e">Concertgebouw Orchestra</marcx:subfield><marcx:subfield code="e">dirigent: Willem Mengelberg</marcx:subfield></marcx:datafield><marcx:datafield ind1="0" ind2="0" tag="795"><marcx:subfield code="å">20</marcx:subfield><marcx:subfield code="a">Symfoni nr. 9, d-mol, opus 125 (4. sats (Finale))</marcx:subfield><marcx:subfield code="e">Czech Philharmonic Orchestra</marcx:subfield><marcx:subfield code="e">dirigent: Erich Kleiber</marcx:subfield><marcx:subfield code="a">Egmont-ouverture, opus 84</marcx:subfield><marcx:subfield code="e">Berlin Philharmonic Orchestra</marcx:subfield><marcx:subfield code="e">dirigent: Sergiu Celibidache</marcx:subfield></marcx:datafield><marcx:datafield ind1="0" ind2="0" tag="795"><marcx:subfield code="å">21</marcx:subfield><marcx:subfield code="a">Symfoni, d-mol (uddrag)</marcx:subfield><marcx:subfield code="e">Czech Philharmonic Orchestra</marcx:subfield><marcx:subfield code="e">dirigent: Charles Munch</marcx:subfield></marcx:datafield><marcx:datafield ind1="0" ind2="0" tag="795"><marcx:subfield code="å">22</marcx:subfield><marcx:subfield code="a">La ¤mer</marcx:subfield><marcx:subfield code="7"> (</marcx:subfield><marcx:subfield code="v">Jeux de vagues</marcx:subfield><marcx:subfield code="7">) / </marcx:subfield><marcx:subfield code="e">Boston Symphony Orchestra</marcx:subfield><marcx:subfield code="e">dirigent: Charles Munch</marcx:subfield></marcx:datafield><marcx:datafield ind1="0" ind2="0" tag="795"><marcx:subfield code="å">23</marcx:subfield><marcx:subfield code="a">Symfoni nr. 5, d-mol, opus 47 (1. sats ; 4. sats)</marcx:subfield><marcx:subfield code="e">Leningrad Philharmonic Orchestra</marcx:subfield><marcx:subfield code="e">dirigent: Evgeny Alexandrovich Mravinsky</marcx:subfield></marcx:datafield><marcx:datafield ind1="0" ind2="0" tag="910"><marcx:subfield code="a">Berlin Staatskapelle</marcx:subfield><marcx:subfield code="z">710/1</marcx:subfield></marcx:datafield><marcx:datafield ind1="0" ind2="0" tag="910"><marcx:subfield code="a">Süddeutscher Rundfunks Orkester</marcx:subfield><marcx:subfield code="z">710/2</marcx:subfield></marcx:datafield><marcx:datafield ind1="0" ind2="0" tag="910"><marcx:subfield code="a">SDRs Orkester</marcx:subfield><marcx:subfield code="z">710/2</marcx:subfield></marcx:datafield><marcx:datafield ind1="0" ind2="0" tag="990"><marcx:subfield code="o">200908</marcx:subfield><marcx:subfield code="b">v</marcx:subfield><marcx:subfield code="u">nt</marcx:subfield></marcx:datafield><marcx:datafield ind1="0" ind2="0" tag="996"><marcx:subfield code="a">DBC</marcx:subfield></marcx:datafield></marcx:record></marcx:collection><adminData><creationDate>2009-01-26</creationDate><libraryType>none</libraryType><indexingAlias>danmarcxchange</indexingAlias><accessType>physical</accessType><collectionIdentifier>870970-basis</collectionIdentifier></adminData></ting:container>
</foxml:xmlContent>
</foxml:datastreamVersion>
</foxml:datastream>
<foxml:datastream ID="localData.870970-basis" STATE="A" CONTROL_GROUP="X" VERSIONABLE="false">
<foxml:datastreamVersion ID="localData.870970-basis.0" LABEL="" CREATED="2013-05-16T11:56:24.585Z" MIMETYPE="text/xml" SIZE="967">
<foxml:xmlContent>
<ting:localData xmlns:ting="http://www.dbc.dk/ting"><marcx:record xmlns:marcx="info:lc/xmlns/marcxchange-v1" format="danMARC2" type="BibliographicLocal"><marcx:datafield ind1="0" ind2="0" tag="d08"><marcx:subfield code="o">lhp</marcx:subfield></marcx:datafield><marcx:datafield ind1="0" ind2="0" tag="d09"><marcx:subfield code="z">SFG200908</marcx:subfield></marcx:datafield><marcx:datafield ind1="0" ind2="0" tag="f06"><marcx:subfield code="b">v</marcx:subfield></marcx:datafield><marcx:datafield ind1="0" ind2="0" tag="n51"><marcx:subfield code="a">20090216</marcx:subfield></marcx:datafield><marcx:datafield ind1="0" ind2="0" tag="n55"><marcx:subfield code="a">20090126</marcx:subfield></marcx:datafield><marcx:datafield ind1="0" ind2="0" tag="s12"><marcx:subfield code="t">TeamMUS200905</marcx:subfield></marcx:datafield><marcx:datafield ind1="0" ind2="0" tag="z99"><marcx:subfield code="a">lhp</marcx:subfield></marcx:datafield></marcx:record></ting:localData>
</foxml:xmlContent>
</foxml:datastreamVersion>
</foxml:datastream>
<foxml:datastream ID="RELS-SYS" STATE="A" CONTROL_GROUP="X" VERSIONABLE="false">
<foxml:datastreamVersion ID="RELS-SYS.1" LABEL="" CREATED="2013-05-16T11:56:24.648Z" MIMETYPE="application/rdf+xml" SIZE="317">
<foxml:xmlContent>
<rdf:RDF xmlns:rdf="http://www.w3.org/1999/02/22-rdf-syntax-ns#">
  <rdf:Description rdf:about="info:fedora/870970-basis:27593291">
    <isMemberOfUnit xmlns="info:fedora/">unit:27337</isMemberOfUnit>
    <isPrimaryBibObjectFor xmlns="info:fedora/">unit:27337</isPrimaryBibObjectFor>
  </rdf:Description>
</rdf:RDF>
</foxml:xmlContent>
</foxml:datastreamVersion>
</foxml:datastream>
<foxml:datastream ID="DC" STATE="A" CONTROL_GROUP="X" VERSIONABLE="false">
<foxml:datastreamVersion ID="DC.1" LABEL="" CREATED="2013-05-16T12:09:12.350Z" MIMETYPE="text/xml" SIZE="4819">
<foxml:xmlContent>
<oai_dc:dc xmlns:dc="http://purl.org/dc/elements/1.1/" xmlns:oai_dc="http://www.openarchives.org/OAI/2.0/oai_dc/" xmlns:xsi="http://www.w3.org/2001/XMLSchema-instance" xsi:schemaLocation="http://www.openarchives.org/OAI/2.0/oai_dc/ http://www.openarchives.org/OAI/2.0/oai_dc.xsd">
  <dc:title>the art of conducting - legendary conductors of a golden era</dc:title>
  <dc:title>MATCH:the ar</dc:title>
  <dc:subject>direktion</dc:subject>
  <dc:subject>historiske optagelser</dc:subject>
  <dc:subject>impressionisme</dc:subject>
  <dc:subject>instrumental</dc:subject>
  <dc:subject>orkester</dc:subject>
  <dc:subject>orkesterdirektion</dc:subject>
  <dc:subject>orkesterprøver</dc:subject>
  <dc:subject>ouverture</dc:subject>
  <dc:subject>romantik</dc:subject>
  <dc:subject>senromantik</dc:subject>
  <dc:subject>symfoni</dc:subject>
  <dc:subject>symfonisk digt</dc:subject>
  <dc:subject>Tyskland</dc:subject>
  <dc:subject>Rusland</dc:subject>
  <dc:subject>Frankrig</dc:subject>
  <dc:subject>Østrig</dc:subject>
  <dc:subject>Tjekkiet</dc:subject>
  <dc:subject>1800-1899</dc:subject>
  <dc:subject>1900-1909</dc:subject>
  <dc:subject>1910-1919</dc:subject>
  <dc:publisher>teldec classics international</dc:publisher>
  <dc:publisher>warner music vision</dc:publisher>
  <dc:publisher>MATCHSTRING:teldec</dc:publisher>
  <dc:publisher>MATCHSTRING:warner</dc:publisher>
  <dc:contributor>MATCHSTRING:Celibidaches</dc:contributor>
  <dc:contributor>MATCHSTRING:Cluytensa</dc:contributor>
  <dc:contributor>MATCHSTRING:Furtwänglerw</dc:contributor>
  <dc:contributor>MATCHSTRING:Karajanh</dc:contributor>
  <dc:contributor>MATCHSTRING:Kleibere</dc:contributor>
  <dc:contributor>MATCHSTRING:Mengelbergw</dc:contributor>
  <dc:contributor>MATCHSTRING:Mravínskijj</dc:contributor>
  <dc:contributor>MATCHSTRING:Munchc</dc:contributor>
  <dc:contributor>MATCHSTRING:Scherchenh</dc:contributor>
  <dc:contributor>MATCHSTRING:Talichv</dc:contributor>
  <dc:contributor>MATCHSTRING:berlins filharmoniske orkester</dc:contributor>
  <dc:contributor>MATCHSTRING:bostons symfoniorkester</dc:contributor>
  <dc:contributor>MATCHSTRING:concertgebouw-orkestret amsterdam</dc:contributor>
  <dc:contributor>MATCHSTRING:leningrads filharmoniske orkester</dc:contributor>
  <dc:contributor>MATCHSTRING:münchens filharmoniske orkester</dc:contributor>
  <dc:contributor>MATCHSTRING:statskapellet berlin</dc:contributor>
  <dc:contributor>MATCHSTRING:stuttgarts radiosymfoniorkester</dc:contributor>
  <dc:contributor>MATCHSTRING:tjekkisk filharmonisk orkester</dc:contributor>
  <dc:contributor>MATCHSTRING:det ungarske statsorkester</dc:contributor>
  <dc:contributor>sergiu celibidache</dc:contributor>
  <dc:contributor>andré cluytens</dc:contributor>
  <dc:contributor>wilhelm furtwängler</dc:contributor>
  <dc:contributor>herbert von karajan</dc:contributor>
  <dc:contributor>erich kleiber</dc:contributor>
  <dc:contributor>willem mengelberg</dc:contributor>
  <dc:contributor>jevgénij mravínskij</dc:contributor>
  <dc:contributor>charles munch</dc:contributor>
  <dc:contributor>hermann scherchen</dc:contributor>
  <dc:contributor>václav talich</dc:contributor>
  <dc:contributor>richard strauss</dc:contributor>
  <dc:contributor>antonín dvořák</dc:contributor>
  <dc:contributor>vasilij kalinnikov</dc:contributor>
  <dc:contributor>maurice ravel</dc:contributor>
  <dc:contributor>petr tjajkovskij</dc:contributor>
  <dc:contributor>johann strauss f. 1825</dc:contributor>
  <dc:contributor>hector berlioz</dc:contributor>
  <dc:contributor>georges bizet</dc:contributor>
  <dc:contributor>carl maria von weber</dc:contributor>
  <dc:contributor>ludwig van beethoven</dc:contributor>
  <dc:contributor>césar franck</dc:contributor>
  <dc:contributor>claude debussy</dc:contributor>
  <dc:contributor>dmitrij sjostakovitj</dc:contributor>
  <dc:contributor>berlins filharmoniske orkester</dc:contributor>
  <dc:contributor>bostons symfoniorkester</dc:contributor>
  <dc:contributor>concertgebouw-orkestret amsterdam</dc:contributor>
  <dc:contributor>leningrads filharmoniske orkester</dc:contributor>
  <dc:contributor>münchens filharmoniske orkester</dc:contributor>
  <dc:contributor>statskapellet berlin</dc:contributor>
  <dc:contributor>stuttgarts radiosymfoniorkester</dc:contributor>
  <dc:contributor>tjekkisk filharmonisk orkester</dc:contributor>
  <dc:contributor>det ungarske statsorkester</dc:contributor>
  <dc:date>2002</dc:date>
  <dc:type>Dvd</dc:type>
  <dc:type>WORK:movie</dc:type>
  <dc:identifier>870970-basis:27593291</dc:identifier>
  <dc:identifier>NUMBER:Warner Music Vision0927-42668-2</dc:identifier>
  <dc:language>Flere sprog</dc:language>
  <dc:language>Engelsk</dc:language>
  <dc:language>Tysk</dc:language>
  <dc:language>Hollandsk</dc:language>
</oai_dc:dc>
</foxml:xmlContent>
</foxml:datastreamVersion>
</foxml:datastream>
</foxml:digitalObject><ocn></ocn><holdingsServiceResponse><response>
<timestamp>2013-05-30 10:33:45.621</timestamp>
<pid>870970-basis:27593291</pid>
<result>
</result>
</response></holdingsServiceResponse></oclcRecord></oclcRecords>

</ns1:originalData>
<ns1:outputFormat>PLACEHOLDER</ns1:outputFormat>
   </ns1:formatRequest>
 </SOAP-ENV:Body>
</SOAP-ENV:Envelope>
